% This file was created with JabRef 2.10.
% Encoding: UTF-8


@Article{alexandre2013control,
  Title                    = {Control of arousal by the orexin neurons},
  Author                   = {Alexandre, Chloe and Andermann, Mark L and Scammell, Thomas E},
  Journal                  = {Current opinion in neurobiology},
  Year                     = {2013},
  Number                   = {5},
  Pages                    = {752--759},
  Volume                   = {23},

  Owner                    = {jbh},
  Publisher                = {Elsevier},
  Timestamp                = {2017.07.17}
}

@Article{Aston-Jones2001,
  Title                    = {A neural circuit for circadian regulation of arousal},
  Author                   = {Aston-Jones, Gary and Chen, Sheng and Zhu, Yan and Oshinsky, Michael L},
  Journal                  = {Nature neuroscience},
  Year                     = {2001},
  Number                   = {7},
  Pages                    = {732},
  Volume                   = {4},

  __markedentry            = {[jbh:1]},
  Owner                    = {jbh},
  Publisher                = {Nature Publishing Group},
  Timestamp                = {2017.07.16}
}

@Article{behn2008delayed,
  Title                    = {Delayed orexin signaling consolidates wakefulness and sleep: physiology and modeling},
  Author                   = {Behn, CG Diniz and Kopell, N and Brown, Emery N and Mochizuki, Takatoshi and Scammell, Thomas E},
  Journal                  = {Journal of neurophysiology},
  Year                     = {2008},
  Number                   = {6},
  Pages                    = {3090--3103},
  Volume                   = {99},

  __markedentry            = {[jbh:1]},
  Owner                    = {jbh},
  Publisher                = {Am Physiological Soc},
  Timestamp                = {2017.07.16}
}

@Article{Behn2007,
  Title                    = {Mathematical model of network dynamics governing mouse sleep--wake behavior},
  Author                   = {Behn, Cecilia G Diniz and Brown, Emery N and Scammell, Thomas E and Kopell, Nancy J},
  Journal                  = {Journal of neurophysiology},
  Year                     = {2007},
  Number                   = {6},
  Pages                    = {3828--3840},
  Volume                   = {97},

  __markedentry            = {[jbh:1]},
  Owner                    = {jbh},
  Publisher                = {Am Physiological Soc},
  Timestamp                = {2017.02.28}
}

@Article{Benington1994,
  Title                    = {REM-sleep timing is controlled homeostatically by accumulation of REM-sleep propensity in non-REM sleep},
  Author                   = {Benington, JOEL H and Heller, H Craig},
  Journal                  = {American Journal of Physiology-Regulatory, Integrative and Comparative Physiology},
  Year                     = {1994},
  Number                   = {6},
  Pages                    = {R1992--R2000},
  Volume                   = {266},

  __markedentry            = {[jbh:1]},
  Owner                    = {jbh},
  Publisher                = {Am Physiological Soc},
  Timestamp                = {2017.02.27}
}

@Article{Bianchi2012,
  Title                    = {Probabilistic sleep architecture models in patients with and without sleep apnea},
  Author                   = {Bianchi, Matt T and Eiseman, Nathaniel A and Cash, Sydney S and Mietus, Joseph and PENG, CHUNG-KANG and Thomas, Robert J},
  Journal                  = {Journal of sleep research},
  Year                     = {2012},
  Number                   = {3},
  Pages                    = {330--341},
  Volume                   = {21},

  __markedentry            = {[jbh:1]},
  Publisher                = {Wiley Online Library}
}

@Article{booth2014physiologically,
  Title                    = {Physiologically-based modeling of sleep--wake regulatory networks},
  Author                   = {Booth, Victoria and Behn, Cecilia G Diniz},
  Journal                  = {Mathematical biosciences},
  Year                     = {2014},
  Pages                    = {54--68},
  Volume                   = {250},

  __markedentry            = {[jbh:1]},
  Owner                    = {jbh},
  Publisher                = {Elsevier},
  Timestamp                = {2017.07.16}
}

@Article{Borbely1982,
  Title                    = {A two process model of sleep regulation.},
  Author                   = {Borb{\'e}ly, Alexander A},
  Journal                  = {Human neurobiology},
  Year                     = {1982},

  __markedentry            = {[jbh:1]},
  Owner                    = {jbh},
  Publisher                = {Springer-Verlag},
  Timestamp                = {2017.02.27}
}

@Article{Borbely2016,
  Title                    = {The two-process model of sleep regulation: a reappraisal},
  Author                   = {Borb{\'e}ly, Alexander A and Daan, Serge and Wirz-Justice, Anna and Deboer, Tom},
  Journal                  = {Journal of sleep research},
  Year                     = {2016},

  __markedentry            = {[jbh:1]},
  Owner                    = {jbh},
  Publisher                = {Wiley Online Library},
  Timestamp                = {2017.02.27}
}

@InCollection{Bremaud1999,
  Title                    = {Discrete-Time Markov Models},
  Author                   = {Br{\'e}maud, Pierre},
  Booktitle                = {Markov Chains},
  Publisher                = {Springer},
  Year                     = {1999},
  Pages                    = {53--93},

  __markedentry            = {[jbh:1]}
}

@Article{branch2016progressive,
  Title                    = {Progressive loss of the orexin neurons reveals dual effects on wakefulness},
  Author                   = {Branch, Abigail F and Navidi, William and Tabuchi, Sawako and Terao, Akira and Yamanaka, Akihiro and Scammell, Thomas E and Diniz Behn, Cecilia},
  Journal                  = {Sleep},
  Year                     = {2016},
  Number                   = {2},
  Pages                    = {369--377},
  Volume                   = {39},

  __markedentry            = {[jbh:1]},
  Owner                    = {jbh},
  Publisher                = {Oxford University Press},
  Timestamp                = {2017.07.16}
}

@Article{brown2012control,
  Title                    = {Control of sleep and wakefulness},
  Author                   = {Brown, Ritchie E and Basheer, Radhika and McKenna, James T and Strecker, Robert E and McCarley, Robert W},
  Journal                  = {Physiological reviews},
  Year                     = {2012},
  Number                   = {3},
  Pages                    = {1087--1187},
  Volume                   = {92},

  __markedentry            = {[jbh:1]},
  Owner                    = {jbh},
  Publisher                = {Am Physiological Soc},
  Timestamp                = {2017.03.04}
}

@Article{chemelli1999narcolepsy,
  Title                    = {Narcolepsy in orexin knockout mice: molecular genetics of sleep regulation},
  Author                   = {Chemelli, Richard M and Willie, Jon T and Sinton, Christopher M and Elmquist, Joel K and Scammell, Thomas and Lee, Charlotte and Richardson, James A and Williams, S Clay and Xiong, Yumei and Kisanuki, Yaz and others},
  Journal                  = {Cell},
  Year                     = {1999},
  Number                   = {4},
  Pages                    = {437--451},
  Volume                   = {98},

  __markedentry            = {[jbh:1]},
  Owner                    = {jbh},
  Publisher                = {Elsevier},
  Timestamp                = {2017.07.16}
}

@Article{Ferri2016,
  Title                    = {Decreased sleep stage transition pattern complexity in narcolepsy type 1},
  Author                   = {Ferri, Raffaele and Pizza, Fabio and Vandi, Stefano and Iloti, Martina and Plazzi, Giuseppe},
  Journal                  = {Clinical Neurophysiology},
  Year                     = {2016},
  Number                   = {8},
  Pages                    = {2812--2819},
  Volume                   = {127},

  __markedentry            = {[jbh:1]},
  Publisher                = {Elsevier}
}

@Article{finelli2000dual,
  Title                    = {Dual electroencephalogram markers of human sleep homeostasis: correlation between theta activity in waking and slow-wave activity in sleep},
  Author                   = {Finelli, LA and Baumann, H and Borb{\'e}ly, AA and Achermann, P},
  Journal                  = {Neuroscience},
  Year                     = {2000},
  Number                   = {3},
  Pages                    = {523--529},
  Volume                   = {101},

  Owner                    = {jbh},
  Publisher                = {Elsevier},
  Timestamp                = {2017.07.17}
}

@Article{fleshner2011circadian,
  Title                    = {Circadian regulation of sleep--wake behaviour in nocturnal rats requires multiple signals from suprachiasmatic nucleus},
  Author                   = {Fleshner, Michelle and Booth, Victoria and Forger, Daniel B and Behn, Cecilia G Diniz},
  Journal                  = {Philosophical Transactions of the Royal Society of London A: Mathematical, Physical and Engineering Sciences},
  Year                     = {2011},
  Number                   = {1952},
  Pages                    = {3855--3883},
  Volume                   = {369},

  __markedentry            = {[jbh:1]},
  Owner                    = {jbh},
  Publisher                = {The Royal Society},
  Timestamp                = {2017.07.16}
}

@Article{gangadharan2016medial,
  Title                    = {Medial septal GABAergic projection neurons promote object exploration behavior and type 2 theta rhythm},
  Author                   = {Gangadharan, Gireesh and Shin, Jonghan and Kim, Seong-Wook and Kim, Angela and Paydar, Afshin and Kim, Duk-Soo and Miyazaki, Taisuke and Watanabe, Masahiko and Yanagawa, Yuchio and Kim, Jinhyun and others},
  Journal                  = {Proceedings of the National Academy of Sciences},
  Year                     = {2016},
  Number                   = {23},
  Pages                    = {6550--6555},
  Volume                   = {113},

  Owner                    = {jbh},
  Publisher                = {National Acad Sciences},
  Timestamp                = {2017.07.17}
}

@Article{Groezinger2002,
  Title                    = {Is the nonREM--REM sleep cycle reset by forced awakenings from REM sleep?},
  Author                   = {Gr{\"o}zinger, Michael and Beersma, Domien GM and Fell, J{\"u}rgen and R{\"o}schke, Joachim},
  Journal                  = {Physiology \& behavior},
  Year                     = {2002},
  Number                   = {2},
  Pages                    = {341--347},
  Volume                   = {77},

  __markedentry            = {[jbh:1]},
  Owner                    = {jbh},
  Publisher                = {Elsevier},
  Timestamp                = {2017.02.27}
}

@Article{Kemp1986,
  Title                    = {Simulation of human hypnograms using a Markov chain model},
  Author                   = {Kemp, Bob and Kamphuisen, HA},
  Journal                  = {Sleep},
  Year                     = {1986},
  Number                   = {3},
  Pages                    = {405--414},
  Volume                   = {9},

  __markedentry            = {[jbh:1]},
  Publisher                = {American Academy of Sleep Medicine}
}

@Article{Kim2009,
  Title                    = {Markov analysis of sleep dynamics},
  Author                   = {Kim, JW and Lee, J-S and Robinson, PA and Jeong, D-U},
  Journal                  = {Physical review letters},
  Year                     = {2009},
  Number                   = {17},
  Pages                    = {178104},
  Volume                   = {102},

  __markedentry            = {[jbh:1]},
  Publisher                = {APS}
}

@Article{kishi2011nrem,
  Title                    = {NREM sleep stage transitions control ultradian REM sleep rhythm},
  Author                   = {Kishi, Akifumi and Yasuda, Hideaki and Matsumoto, Takahisa and Inami, Yasushi and Horiguchi, Jun and Tamaki, Masako and Struzik, Zbigniew R and Yamamoto, Yoshiharu},
  Journal                  = {Sleep},
  Year                     = {2011},
  Number                   = {10},
  Pages                    = {1423--1432},
  Volume                   = {34},

  __markedentry            = {[jbh:1]},
  Owner                    = {jbh},
  Publisher                = {Oxford University Press},
  Timestamp                = {2017.07.16}
}

@Article{klerman2013survival,
  Title                    = {Survival analysis indicates that age-related decline in sleep continuity occurs exclusively during NREM sleep},
  Author                   = {Klerman, Elizabeth B and Wang, Wei and Duffy, Jeanne F and Dijk, Derk-Jan and Czeisler, Charles A and Kronauer, Richard E},
  Journal                  = {Neurobiology of aging},
  Year                     = {2013},
  Number                   = {1},
  Pages                    = {309--318},
  Volume                   = {34},

  __markedentry            = {[jbh:1]},
  Owner                    = {jbh},
  Publisher                = {Elsevier},
  Timestamp                = {2017.02.16}
}

@Article{kumar2012mathematical,
  Title                    = {A mathematical model towards understanding the mechanism of neuronal regulation of wake-NREMS-REMS states},
  Author                   = {Kumar, Rupesh and Bose, Amitabha and Mallick, Birendra Nath},
  Journal                  = {PLoS One},
  Year                     = {2012},
  Number                   = {8},
  Pages                    = {e42059},
  Volume                   = {7},

  __markedentry            = {[jbh:1]},
  Owner                    = {jbh},
  Publisher                = {Public Library of Science},
  Timestamp                = {2017.07.16}
}

@Article{le2013theories,
  Title                    = {Which theories on sleep ultradian cycling are favored by the positive links found between the number of cycles and REMS?},
  Author                   = {Le Bon, Olivier},
  Journal                  = {Biological rhythm research},
  Year                     = {2013},
  Number                   = {4},
  Pages                    = {675--685},
  Volume                   = {44},

  __markedentry            = {[jbh:1]},
  Owner                    = {jbh},
  Publisher                = {Taylor \& Francis},
  Timestamp                = {2017.02.27}
}

@Article{Lee2005,
  Title                    = {Discharge of identified orexin/hypocretin neurons across the sleep-waking cycle},
  Author                   = {Lee, Maan Gee and Hassani, Oum K and Jones, Barbara E},
  Journal                  = {Journal of Neuroscience},
  Year                     = {2005},
  Number                   = {28},
  Pages                    = {6716--6720},
  Volume                   = {25},

  __markedentry            = {[jbh:1]},
  Owner                    = {jbh},
  Publisher                = {Soc Neuroscience},
  Timestamp                = {2017.07.16}
}

@Article{Lo2004,
  Title                    = {Common scale-invariant patterns of sleep--wake transitions across mammalian species},
  Author                   = {Lo, Chung-Chuan and Chou, Thomas and Penzel, Thomas and Scammell, Thomas E and Strecker, Robert E and Stanley, H Eugene and Ivanov, Plamen Ch},
  Journal                  = {Proceedings of the National Academy of Sciences of the United States of America},
  Year                     = {2004},
  Number                   = {50},
  Pages                    = {17545--17548},
  Volume                   = {101},

  __markedentry            = {[jbh:1]},
  Owner                    = {jbh},
  Publisher                = {National Acad Sciences},
  Timestamp                = {2017.02.15}
}

@Article{mcginley2015waking,
  Title                    = {Waking state: rapid variations modulate neural and behavioral responses},
  Author                   = {McGinley, Matthew J and Vinck, Martin and Reimer, Jacob and Batista-Brito, Renata and Zagha, Edward and Cadwell, Cathryn R and Tolias, Andreas S and Cardin, Jessica A and McCormick, David A},
  Journal                  = {Neuron},
  Year                     = {2015},
  Number                   = {6},
  Pages                    = {1143--1161},
  Volume                   = {87},

  Owner                    = {jbh},
  Publisher                = {Elsevier},
  Timestamp                = {2017.07.17}
}

@Article{McShane2010,
  Title                    = {Characterization of the bout durations of sleep and wakefulness},
  Author                   = {McShane, Blakeley B and Galante, Raymond J and Jensen, Shane T and Naidoo, Nirinjini and Pack, Allan I and Wyner, Abraham},
  Journal                  = {Journal of neuroscience methods},
  Year                     = {2010},
  Number                   = {2},
  Pages                    = {321--333},
  Volume                   = {193},

  __markedentry            = {[jbh:1]},
  Owner                    = {jbh},
  Publisher                = {Elsevier},
  Timestamp                = {2017.02.28}
}

@Article{Mochizuki2004,
  Title                    = {Behavioral state instability in orexin knock-out mice},
  Author                   = {Mochizuki, Takatoshi and Crocker, Amanda and McCormack, Sarah and Yanagisawa, Masashi and Sakurai, Takeshi and Scammell, Thomas E},
  Journal                  = {Journal of Neuroscience},
  Year                     = {2004},
  Number                   = {28},
  Pages                    = {6291--6300},
  Volume                   = {24},

  __markedentry            = {[jbh:1]},
  Publisher                = {Soc Neuroscience}
}

@Article{ocampo2002short,
  Title                    = {Short-term homeostasis of REM sleep assessed in an intermittent REM sleep deprivation protocol in the rat},
  Author                   = {Ocampo-Garc{\'e}s, ADRI{\'A}N and Vivaldi, Ennio A},
  Journal                  = {Journal of sleep research},
  Year                     = {2002},
  Number                   = {1},
  Pages                    = {81--89},
  Volume                   = {11},

  __markedentry            = {[jbh:1]},
  Owner                    = {jbh},
  Publisher                = {Wiley Online Library},
  Timestamp                = {2017.07.16}
}

@Article{Phillips2007,
  Title                    = {A quantitative model of sleep-wake dynamics based on the physiology of the brainstem ascending arousal system},
  Author                   = {Phillips, AJK and Robinson, PA},
  Journal                  = {Journal of Biological Rhythms},
  Year                     = {2007},
  Number                   = {2},
  Pages                    = {167--179},
  Volume                   = {22},

  __markedentry            = {[jbh:1]},
  Owner                    = {jbh},
  Publisher                = {Sage Publications},
  Timestamp                = {2017.02.27}
}

@Manual{R2008,
  Title                    = {R: A Language and Environment for Statistical Computing},

  Address                  = {Vienna, Austria},
  Author                   = {{R Development Core Team}},
  Note                     = {{ISBN} 3-900051-07-0},
  Organization             = {R Foundation for Statistical Computing},
  Year                     = {2008},

  __markedentry            = {[jbh:1]},
  Owner                    = {juan},
  Timestamp                = {2008.04.20},
  Url                      = {http://www.R-project.org}
}

@Article{rempe2010mathematical,
  Title                    = {A mathematical model of the sleep/wake cycle},
  Author                   = {Rempe, Michael J and Best, Janet and Terman, David},
  Journal                  = {Journal of mathematical biology},
  Year                     = {2010},
  Number                   = {5},
  Pages                    = {615--644},
  Volume                   = {60},

  __markedentry            = {[jbh:1]},
  Owner                    = {jbh},
  Publisher                = {Springer},
  Timestamp                = {2017.07.16}
}

@Article{Saper2010,
  Title                    = {Sleep state switching},
  Author                   = {Saper, Clifford B and Fuller, Patrick M and Pedersen, Nigel P and Lu, Jun and Scammell, Thomas E},
  Journal                  = {Neuron},
  Year                     = {2010},
  Number                   = {6},
  Pages                    = {1023--1042},
  Volume                   = {68},

  __markedentry            = {[jbh:1]},
  Owner                    = {jbh},
  Publisher                = {Elsevier},
  Timestamp                = {2017.07.16}
}

@Article{sasaki2011pharmacogenetic,
  Title                    = {Pharmacogenetic modulation of orexin neurons alters sleep/wakefulness states in mice},
  Author                   = {Sasaki, Koh and Suzuki, Mika and Mieda, Michihiro and Tsujino, Natsuko and Roth, Bryan and Sakurai, Takeshi},
  Journal                  = {PloS one},
  Year                     = {2011},
  Number                   = {5},
  Pages                    = {e20360},
  Volume                   = {6},

  __markedentry            = {[jbh:1]},
  Owner                    = {jbh},
  Publisher                = {Public Library of Science},
  Timestamp                = {2017.07.16}
}

@Article{Scammell2017,
  Title                    = {Neural Circuitry of Wakefulness and Sleep},
  Author                   = {Scammell, Thomas E and Arrigoni, Elda and Lipton, Jonathan O},
  Journal                  = {Neuron},
  Year                     = {2017},
  Number                   = {4},
  Pages                    = {747--765},
  Volume                   = {93},

  __markedentry            = {[jbh:1]},
  Owner                    = {jbh},
  Publisher                = {Elsevier},
  Timestamp                = {2017.03.28}
}

@Article{Simasko2009,
  Title                    = {Novel analysis of sleep patterns in rats separates periods of vigilance cycling from long-duration wake events},
  Author                   = {Simasko, Steven M and Mukherjee, Sanjib},
  Journal                  = {Behavioural brain research},
  Year                     = {2009},
  Number                   = {2},
  Pages                    = {228--236},
  Volume                   = {196},

  __markedentry            = {[jbh:1]},
  Owner                    = {jbh},
  Publisher                = {Elsevier},
  Timestamp                = {2017.02.27}
}

@Article{Spedicato2015,
  Title                    = {markovchain: an R package to easily handle discrete Markov chains},
  Author                   = {Spedicato, GA},
  Journal                  = {R package version 0.2},
  Year                     = {2015},
  Volume                   = {2},

  __markedentry            = {[jbh:1]}
}

@Article{stephenson2013statistical,
  Title                    = {Statistical properties of sleep-wake behavior in the rat and their relation to circadian and ultradian phases},
  Author                   = {Stephenson, Richard and Famina, Svetlana and Caron, Aimee M and Lim, Joonbum},
  Journal                  = {Sleep},
  Year                     = {2013},
  Number                   = {9},
  Pages                    = {1377},
  Volume                   = {36},

  __markedentry            = {[jbh:1]},
  Owner                    = {jbh},
  Publisher                = {American Academy of Sleep Medicine},
  Timestamp                = {2017.02.16}
}

@Article{steriade2003,
  Title                    = {The Corticothalamic System in Sleep},
  Author                   = {Steriade, Mircea},
  Journal                  = {Frontiers in bioscience},
  Year                     = {2003},
  Pages                    = {d878--899},
  Volume                   = {8},

  __markedentry            = {[jbh:1]},
  Owner                    = {jbh},
  Publisher                = {Frontiers in bioscience},
  Timestamp                = {2017.07.16}
}

@Article{tamakawa2006quartet,
  Title                    = {A quartet neural system model orchestrating sleep and wakefulness mechanisms},
  Author                   = {Tamakawa, Yuichi and Karashima, Akihiro and Koyama, Yoshimasa and Katayama, Norihiro and Nakao, Mitsuyuki},
  Journal                  = {Journal of neurophysiology},
  Year                     = {2006},
  Number                   = {4},
  Pages                    = {2055--2069},
  Volume                   = {95},

  __markedentry            = {[jbh:1]},
  Owner                    = {jbh},
  Publisher                = {Am Physiological Soc},
  Timestamp                = {2017.07.16}
}

@Article{vassalli2017hypocretin,
  Title                    = {Hypocretin (orexin) is critical in sustaining theta/gamma-rich waking behaviors that drive sleep need},
  Author                   = {Vassalli, Anne and Franken, Paul},
  Journal                  = {Proceedings of the National Academy of Sciences},
  Year                     = {2017},
  Number                   = {27},
  Pages                    = {E5464--E5473},
  Volume                   = {114},

  __markedentry            = {[jbh:1]},
  Owner                    = {jbh},
  Publisher                = {National Acad Sciences},
  Timestamp                = {2017.07.16}
}

@Article{wei2017sleep,
  Title                    = {Sleep stage transition dynamics reveal specific stage 2 vulnerability in insomnia},
  Author                   = {Wei, Yishul and Colombo, Michele A and Ramautar, Jennifer R and Blanken, Tessa F and van der Werf, Ysbrand D and Spiegelhalder, Kai and Feige, Bernd and Riemann, Dieter and Van Someren, Eus JW},
  Journal                  = {Sleep},
  Year                     = {2017},

  __markedentry            = {[jbh:1]},
  Owner                    = {jbh},
  Timestamp                = {2017.07.16}
}

@Article{xie2013sleep,
  Title                    = {Sleep drives metabolite clearance from the adult brain},
  Author                   = {Xie, Lulu and Kang, Hongyi and Xu, Qiwu and Chen, Michael J and Liao, Yonghong and Thiyagarajan, Meenakshisundaram and O’Donnell, John and Christensen, Daniel J and Nicholson, Charles and Iliff, Jeffrey J and others},
  Journal                  = {science},
  Year                     = {2013},
  Number                   = {6156},
  Pages                    = {373--377},
  Volume                   = {342},

  __markedentry            = {[jbh:1]},
  Owner                    = {jbh},
  Publisher                = {American Association for the Advancement of Science},
  Timestamp                = {2017.07.16}
}

@InCollection{zung1966computer,
  Title                    = {Computer simulation of sleep EEG patterns with a Markov chain model},
  Author                   = {Zung, William WK and Naylor, Thomas H and Gianturco, Daniel T and Wilson, William P},
  Booktitle                = {Recent advances in biological psychiatry},
  Publisher                = {Springer},
  Year                     = {1966},
  Pages                    = {335--355},

  __markedentry            = {[jbh:1]},
  Owner                    = {jbh},
  Timestamp                = {2017.07.10}
}

@comment{jabref-meta: databaseType:bibtex;}

