% This file was created with JabRef 2.10.
% Encoding: Cp1252


@Article{clarke1982nonlinear,
  Title                    = {Nonlinear oscillations and boundary value problems for Hamiltonian systems},
  Author                   = {Clarke, Frank H and Ekeland, Ivar},
  Journal                  = {Archive for Rational Mechanics and Analysis},
  Year                     = {1982},
  Number                   = {4},
  Pages                    = {315--333},
  Volume                   = {78},

  Owner                    = {HAMILTON},
  Publisher                = {Springer},
  Timestamp                = {2017.01.09}
}

